<record xmlns="http://www.loc.gov/MARC21/slim" xmlns:xsi="http://www.w3.org/2001/XMLSchema-instance" xsi:schemaLocation="http://www.loc.gov/MARC21/slim http://www.loc.gov/standards/marcxml/schema/MARC21slim.xsd"><leader>00574cz   2200169n  4500</leader><controlfield tag="001">oca00391117 </controlfield><controlfield tag="005">19921215065659.4</controlfield><controlfield tag="008">800320n| acannaab|          |a aaa |||  </controlfield><datafield ind1=" " ind2=" " tag="010"><subfield code="a">n  80008559 </subfield></datafield><datafield ind1=" " ind2=" " tag="040"><subfield code="a">DLC</subfield><subfield code="c">DLC</subfield><subfield code="d">DLC</subfield></datafield><datafield ind1="0" ind2=" " tag="100"><subfield code="a">Archilochus.</subfield></datafield><datafield ind1="0" ind2=" " tag="400"><subfield code="a">Archilochos ho Parios</subfield></datafield><datafield ind1="0" ind2=" " tag="400"><subfield code="a">Archiloque</subfield></datafield><datafield ind1="0" ind2=" " tag="400"><subfield code="a">Archiloco</subfield></datafield><datafield ind1=" " ind2=" " tag="670"><subfield code="a">Lasserre, F.</subfield><subfield code="b">Les épodes d'Archiloque, 1950.</subfield></datafield><datafield ind1=" " ind2=" " tag="670"><subfield code="a">Lasserre, F. Nouveaux chapitres de littérature grecque, 1989:</subfield><subfield code="b">p. 1, etc. (Archiloque; 7th century Greek poet)</subfield></datafield><datafield ind1=" " ind2=" " tag="670"><subfield code="a">Bossi, F. Studi su Archiloco, 1990:</subfield><subfield code="b">t.p. (Archiloco)</subfield></datafield></record>